

@online{gazebo-model-plugin,
  author = {Gazebo},
  title  = {Control Description},
  url    = {\url{https://classic.gazebosim.org/tutorials?tut=plugins_hello_world&cat=write_plugin}}
}

@software{melbye-staven-biotac-sim-plugin,
  author  = {Melbye Staven, Victor},
  title   = {{biotac\_sim\_plugin}},
  url     = {https://github.com/vmstavens/biotac_sim_plugin},
  version = {1.0.0}
}

@software{ruppel-philipp-biotac-gazebo-plugin,
  author  = {G{\"o}rner, Michael and Ruppel, Philipp},
  title   = {{biotac\_gazebo\_plugin}},
  url     = {https://github.com/TAMS-Group/biotac_gazebo_plugin},
  version = {1.0.0}
}

@online{base64-encoding-decoding-licensing-issue,
  author = {de Vries, Maarten},
  title  = {Switch to libb64 for base64 encoding/decoding},
  url    = {\url{https://github.com/ros/ros_comm/pull/1046}}
}
